@article{m1,
author={P. Mathieu, J-C. Routier, Y. Secq},
title={MAGIQUE Présentation (en ligne)},
journal={},
year={},
}

@article{m2,
author={P. Mathieu, N. Bensaid},
title={A Hybrid and Hierarchical Multi-Agent Architecture Model},
journal={},
year={},
}

@article{spiders1,
  author={V. Thomas},
  title={Araignées sociales et analyse d'images},
  journal={},
  year={},
}

@article{spiders2,
  author={C. Bourjot, V. Chevrier, V. Thomas},
  title={A new swarm mechanism based on social spiders colonies: from web weaving to region detection},
  journal={Web Intelligence and Agent Systems},
  year={2003},
}

